<record><leader>00000cas a22000007a 4500</leader><controlfield tag="001">40531577</controlfield><controlfield tag="008">981221d19781978caumr ne      0    0eng d</controlfield><controlfield tag="009">14485</controlfield><datafield ind1=" " ind2=" " tag="010"><subfield code="a">sn 98061721 </subfield></datafield><datafield ind1=" " ind2=" " tag="040"><subfield code="a">CNK</subfield><subfield code="b">eng</subfield><subfield code="c">CNK</subfield><subfield code="d">OCLCQ</subfield></datafield><datafield ind1="1" ind2=" " tag="029"><subfield code="a">AU@</subfield><subfield code="b">000014498207</subfield></datafield><datafield ind1=" " ind2=" " tag="042"><subfield code="a">msc</subfield></datafield><datafield ind1="0" ind2="4" tag="245"><subfield code="a">The little northern advocate.</subfield></datafield><datafield ind1=" " ind2=" " tag="260"><subfield code="a">Blue Lake, Calif. :</subfield><subfield code="b">[s.n.]</subfield></datafield><datafield ind1=" " ind2=" " tag="300"><subfield code="a">v.</subfield></datafield><datafield ind1=" " ind2=" " tag="310"><subfield code="a">Monthly</subfield></datafield><datafield ind1="0" ind2=" " tag="362"><subfield code="a">Vol. 1, no. 1 (Aug. 13, 1978).</subfield></datafield><datafield ind1=" " ind2=" " tag="500"><subfield code="a">"The little" appears in smaller print above "Northern Advocate."</subfield></datafield><datafield ind1=" " ind2="4" tag="651"><subfield code="a">Blue Lake (Calif.)</subfield><subfield code="v">Newspapers.</subfield></datafield><datafield ind1=" " ind2=" " tag="752"><subfield code="a">United States</subfield><subfield code="b">California</subfield><subfield code="c">Humboldt</subfield><subfield code="d">Blue Lake.</subfield></datafield><datafield ind1="0" ind2="0" tag="785"><subfield code="t">Northern advocate (Blue Lake, Calif. : 1978)</subfield><subfield code="w">(DLC)sn 98061722</subfield></datafield></record>